<?xml version="1.0" encoding="utf-8"?>
<record xmlns="http://www.loc.gov/MARC21/slim" xmlns:xsi="http://www.w3.org/2001/XMLSchema-instance" xsi:schemaLocation="http://www.loc.gov/MARC21/slim http://www.loc.gov/standards/marcxml/schema/MARC21slim.xsd">
	<leader>     nam a22        4500</leader>
	<controlfield tag="001">4432760</controlfield>
	<controlfield tag="003">NIC</controlfield>
	<controlfield tag="006">m        d        </controlfield>
	<controlfield tag="007">cr cn |||m|||a</controlfield>
	<controlfield tag="008">160323s1939    tu      ob    000 0 ara  </controlfield>
	<datafield ind1=" " ind2=" " tag="040">
		<subfield code="a">NNU</subfield>
		<subfield code="b">eng</subfield>
		<subfield code="e">rda</subfield>
		<subfield code="c">NNU</subfield>
	</datafield>
	<datafield ind1=" " ind2="4" tag="050">
		<subfield code="a">BP195.B3</subfield>
		<subfield code="b">D3 1939</subfield>
	</datafield>
	<datafield ind1="1" ind2=" " tag="100">
		<subfield code="6">880-01</subfield>
		<subfield code="a">Daylamī, Muḥammad ibn al-Ḥasan,</subfield>
		<subfield code="d">-1311 or 1312.</subfield>
	</datafield>
	<datafield ind1="1" ind2="0" tag="245">
		<subfield code="6">880-02</subfield>
		<subfield code="a">Bayān madhhab al-Bāṭinīyah wa-buṭlānih,</subfield>
		<subfield code="b">manqūl min kitāb qawāʻid ʻaqāʼid āl Muḥammad,</subfield>
		<subfield code="c">taʼlīf Muḥammad ibn al-Ḥasan al-Daylamī ʻuniyá bi-taṣhīhih R. Shtrūṭmān.</subfield>
	</datafield>
	<datafield ind1="3" ind2=" " tag="246">
		<subfield code="6">880-03</subfield>
		<subfield code="a">Qawāʻid ʻaqāʼid āl Muḥammad</subfield>
	</datafield>
	<datafield ind1=" " ind2=" " tag="260">
		<subfield code="6">880-04</subfield>
		<subfield code="a">Istānbūl :</subfield>
		<subfield code="b">Li-Jamʻīyat al-Mustashriqīn al-Almānīyah,</subfield>
		<subfield code="c">1938.</subfield>
	</datafield>
	<datafield ind1=" " ind2=" " tag="300">
		<subfield code="a">online resource (15, 137 pages)</subfield>
	</datafield>
	<datafield ind1=" " ind2=" " tag="336">
		<subfield code="a">text</subfield>
		<subfield code="2">rdacontent</subfield>
	</datafield>
	<datafield ind1=" " ind2=" " tag="337">
		<subfield code="a">computer</subfield>
		<subfield code="2">rdamedia</subfield>
	</datafield>
	<datafield ind1=" " ind2=" " tag="338">
		<subfield code="a">online resource</subfield>
		<subfield code="2">rdacarrier</subfield>
	</datafield>
	<datafield ind1="1" ind2=" " tag="490">
		<subfield code="6">880-05</subfield>
		<subfield code="a">al-Nashrīyāt al-Islāmīyah ;</subfield>
		<subfield code="v">11</subfield>
	</datafield>
	<datafield ind1=" " ind2=" " tag="500">
		<subfield code="a">Added t.p.: Die Geheimlehre der Batiniten.</subfield>
	</datafield>
	<datafield ind1=" " ind2=" " tag="500">
		<subfield code="a">Part of the Arabic Collections Online (ACO) project, contributed by Cornell University Libraries.</subfield>
	</datafield>
	<datafield ind1=" " ind2=" " tag="504">
		<subfield code="a">Includes bibliographical references.</subfield>
	</datafield>
	<datafield ind1=" " ind2=" " tag="533">
		<subfield code="a">Electronic reproduction.</subfield>
		<subfield code="b">New York, N.Y. :</subfield>
		<subfield code="c">New York University,</subfield>
		<subfield code="d">2016.</subfield>
		<subfield code="5">NNU</subfield>
	</datafield>
	<datafield ind1=" " ind2="0" tag="650">
		<subfield code="a">Batinites.</subfield>
	</datafield>
	<datafield ind1=" " ind2="7" tag="650">
		<subfield code="a">Batinites.</subfield>
		<subfield code="2">fast</subfield>
		<subfield code="0">(OCoLC)fst00828800</subfield>
	</datafield>
	<datafield ind1="1" ind2=" " tag="700">
		<subfield code="6">880-06</subfield>
		<subfield code="a">Strothmann, R.,</subfield>
		<subfield code="e">editor. </subfield>
	</datafield>
	<datafield ind1="2" ind2=" " tag="710">
		<subfield code="a">Cornell University.</subfield>
		<subfield code="b">Libraries.</subfield>
	</datafield>
	<datafield ind1="0" ind2=" " tag="730">
		<subfield code="a">Arabic Collections Online.</subfield>
	</datafield>
	<datafield ind1="0" ind2="8" tag="776">
		<subfield code="i">Online version:</subfield>
		<subfield code="a">Daylamī, Muḥammad ibn al-Ḥasan, -1311 or 12.</subfield>
		<subfield code="t">Bayān madhhab al-Bāṭinīyah wa-buṭlānih.</subfield>
		<subfield code="d">Istānbūl, li-Jamʻīyat al-Mustashriqīn al-Almānīyah, 1938 [ḥaqīqah 1939]</subfield>
		<subfield code="w">(OCoLC)644632440</subfield>
	</datafield>
	<datafield ind1="0" ind2="8" tag="776">
		<subfield code="i">Print version:</subfield>
		<subfield code="a">Daylamī, Muḥammad ibn al-Ḥasan, -1311 or 1312.</subfield>
		<subfield code="t">Bayān madhhab al-Bāṭinīyah wa-buṭlānih</subfield>
		<subfield code="w">(NIC)4432760</subfield>
		<subfield code="w">(DLC)ne 62001351 </subfield>
		<subfield code="w">(OCoLC)11851753</subfield>
	</datafield>
	<datafield ind1=" " ind2="0" tag="830">
		<subfield code="6">880-07</subfield>
		<subfield code="a">Nasharāt al-Islāmīyah ;</subfield>
		<subfield code="v">11.</subfield>
	</datafield>
	<datafield ind1=" " ind2="0" tag="830">
		<subfield code="a">Bibliotheca Islamica ;</subfield>
		<subfield code="v">11.</subfield>
	</datafield>
	<datafield ind1="4" ind2="0" tag="856">
		<subfield code="u">http://hdl.handle.net/2333.1/wwpzgr5s</subfield>
	</datafield>
	<datafield ind1="1" ind2=" " tag="880">
		<subfield code="6">100-01</subfield>
		<subfield code="a">ديلمي ،محمد بن الحسن،</subfield>
		<subfield code="d">-1311 or 1312.</subfield>
	</datafield>
	<datafield ind1="1" ind2="0" tag="880">
		<subfield code="6">245-02</subfield>
		<subfield code="a">بيان مذهب الباطنية وبطلانه :</subfield>
		<subfield code="b">منقول من كتاب قواعد عقائد آل محمد /</subfield>
		<subfield code="c">تأليف محمد بن الحسن الديلمي ؛عني بتصحيح ر. شتروطمان.</subfield>
	</datafield>
	<datafield ind1="3" ind2=" " tag="880">
		<subfield code="6">246-03</subfield>
		<subfield code="a">قواعد عقائد آل محمد</subfield>
	</datafield>
	<datafield ind1=" " ind2=" " tag="880">
		<subfield code="6">260-04</subfield>
		<subfield code="a">استانبول :</subfield>
		<subfield code="b">لجمعية المستشرقين الالمانية،</subfield>
		<subfield code="c">1938.</subfield>
	</datafield>
	<datafield ind1="1" ind2=" " tag="880">
		<subfield code="6">490-05</subfield>
		<subfield code="a">النشريات الاسلامية ؛</subfield>
		<subfield code="v">١١.</subfield>
	</datafield>
	<datafield ind1="1" ind2=" " tag="880">
		<subfield code="6">700-06</subfield>
		<subfield code="a">شتروطمان، ر.،</subfield>
		<subfield code="e">دتر.  </subfield>
	</datafield>
	<datafield ind1=" " ind2="0" tag="880">
		<subfield code="6">830-07</subfield>
		<subfield code="a">نشرات الاسلامية ؛</subfield>
		<subfield code="v">11. </subfield>
	</datafield>
	<datafield ind1=" " ind2=" " tag="959">
		<subfield code="a">NNU</subfield>
		<subfield code="b">WEB</subfield>
		<subfield code="c">GENI</subfield>
		<subfield code="t">0</subfield>
		<subfield code="m">Electronic access</subfield>
		<subfield code="s">01</subfield>
	</datafield>
	<datafield ind1=" " ind2=" " tag="999">
		<subfield code="i">NIC_4432760</subfield>
		<subfield code="o">(OCoLC)ocm11851753</subfield>
		<subfield code="s">cornell_aco000559</subfield>
		<subfield code="e">(ERROR-880)</subfield>
		<subfield code="s">cornell_aco000559</subfield>
	</datafield>
</record>
